<?xml version="1.0" encoding="UTF-8"?><collection xmlns="http://www.loc.gov/MARC21/slim"><record><leader>00592nam--2200169-i-4500</leader><controlfield tag="001">000020940</controlfield><controlfield tag="002">20161230</controlfield><controlfield tag="005">20161230201033</controlfield><controlfield tag="008">060222s1000------------r-----000-0-eng-d</controlfield><datafield ind1=" " ind2=" " tag="040"><subfield code="a">IFIN-HH</subfield></datafield><datafield ind1=" " ind2=" " tag="080"><subfield code="a">539.12.01(061.3)</subfield></datafield><datafield ind1="1" ind2=" " tag="100"><subfield code="a">Baldin, A. M</subfield></datafield><datafield ind1="1" ind2="0" tag="245"><subfield code="a">Relativistic nuclear physics &amp; quantum chromodynamics</subfield><subfield code="b">Proceedings of the xith international seminar on high energy physics problems</subfield><subfield code="c">A.m. baldin, v.v. burov (eds.)</subfield></datafield><datafield ind1=" " ind2=" " tag="260"><subfield code="a">Dubna, 1994. 693 P</subfield><subfield code="b">The Joint Insitute For Nuclear Research</subfield></datafield><datafield ind1="1" ind2=" " tag="700"><subfield code="a">Burov, V. V</subfield><subfield code="e">Ed</subfield></datafield><datafield ind1=" " ind2=" " tag="852"><subfield code="a">80227</subfield><subfield code="c">539.12</subfield></datafield><datafield ind1=" " ind2=" " tag="CAT"><subfield code="a">Sys</subfield><subfield code="c">20120202</subfield><subfield code="h">120746</subfield></datafield></record></collection>